{
  "leader": "00270nam a22001217a 4500",
  "fields": [
      {
          "008": "231122b        |||||||| |||| 00| 0 eng d"
      },
      {
          "010": {
              "subfields": [
                  {
                      "a": "2022044451"
                  }
              ],
              "ind2": " ",
              "ind1": " "
          }
      },
      {
          "020": {
              "ind1": " ",
              "ind2": " ",
              "subfields": [
                  {
                      "a": "1234"
                  }
              ]
          }
      },
      {
          "100": {
              "ind1": " ",
              "subfields": [
                  {
                      "a": "guy, test"
                  }
              ],
              "ind2": " "
          }
      },
      {
          "245": {
              "subfields": [
                  {
                      "a": "testbook"
                  }
              ],
              "ind2": " ",
              "ind1": " "
          }
      },
      {
          "260": {
              "subfields": [
                  {
                      "b": "test pub"
                  },
                  {
                      "c": "1997"
                  }
              ],
              "ind2": " ",
              "ind1": " "
          }
      },
      {
          "942": {
              "ind2": " ",
              "subfields": [
                  {
                      "2": "ddc"
                  }
              ],
              "ind1": " "
          }
      },
      {
          "999": {
              "ind2": " ",
              "subfields": [
                  {
                      "c": "1"
                  },
                  {
                      "d": "1"
                  }
              ],
              "ind1": " "
          }
      }
  ]
}